<?xml version="1.0" encoding="UTF-8"?><collection xmlns="http://www.loc.gov/MARC21/slim"><record><leader>00490nam--2200181-i-4500</leader><controlfield tag="001">000049590</controlfield><controlfield tag="002">20161230</controlfield><controlfield tag="005">20161230201047</controlfield><controlfield tag="008">060222s1000------------r-----000-0-rus-d</controlfield><datafield ind1=" " ind2=" " tag="040"><subfield code="a">IFIN-HH</subfield></datafield><datafield ind1=" " ind2=" " tag="041"><subfield code="a">rus</subfield></datafield><datafield ind1=" " ind2=" " tag="080"><subfield code="a">537.312.62:621.382</subfield></datafield><datafield ind1="1" ind2=" " tag="100"><subfield code="a">Alfeev,V.N</subfield></datafield><datafield ind1="1" ind2="0" tag="245"><subfield code="a">Poluprovodniki, sverhprovodniki i paraelektriki v krioelektronike</subfield><subfield code="c">V.n. alfeev</subfield></datafield><datafield ind1=" " ind2=" " tag="260"><subfield code="a">Moskva</subfield><subfield code="b">Sovetskoe Radio</subfield><subfield code="c">1979</subfield></datafield><datafield ind1=" " ind2=" " tag="300"><subfield code="a">406 S</subfield></datafield><datafield ind1=" " ind2=" " tag="852"><subfield code="a">47832</subfield><subfield code="c">537.311.33</subfield></datafield><datafield ind1=" " ind2=" " tag="CAT"><subfield code="a">Sys</subfield><subfield code="c">20110726</subfield><subfield code="h">094001</subfield></datafield></record></collection>